<record><leader>02833nam a2200409 i 4500</leader><controlfield tag="001">6786264</controlfield><controlfield tag="003">FlBoTFG</controlfield><controlfield tag="005">20150115163112.0</controlfield><controlfield tag="006">m|||||o||d||||||||</controlfield><controlfield tag="007">cr||||</controlfield><controlfield tag="008">150115t20152015oncad   ob    001 0 eng d</controlfield><datafield ind1=" " ind2=" " tag="020"><subfield code="a">9781482252767 (e-book : PDF)</subfield></datafield><datafield ind1=" " ind2=" " tag="035"><subfield code="a">ocn900602681</subfield></datafield><datafield ind1=" " ind2=" " tag="039"><subfield code="a">exclude</subfield></datafield><datafield ind1=" " ind2=" " tag="040"><subfield code="a">FlBoTFG</subfield><subfield code="b">eng</subfield><subfield code="e">rda</subfield><subfield code="c">FlBoTFG</subfield><subfield code="d">AEU</subfield></datafield><datafield ind1=" " ind2="4" tag="050"><subfield code="a">R857.M3</subfield><subfield code="b">B56 2015</subfield></datafield><datafield ind1=" " ind2=" " tag="090"><subfield code="a">Internet Access</subfield><subfield code="b">AEU</subfield></datafield><datafield ind1="0" ind2="0" tag="245"><subfield code="a">Biomaterial applications :</subfield><subfield code="b">macro to nanoscales /</subfield><subfield code="c">edited by Sabu Thomas, PhD, Nandakumar Kalarikkal, PhD, Weimin Yang, MD, and Snigdha S. Babu.</subfield></datafield><datafield ind1=" " ind2="1" tag="264"><subfield code="a">Oakville, ON :</subfield><subfield code="b">Apple Academic Press, Inc. ;</subfield><subfield code="a">Boca Raton, FL :</subfield><subfield code="b">CRC Press,</subfield><subfield code="c">2015.</subfield></datafield><datafield ind1=" " ind2="4" tag="264"><subfield code="c">&#169;2015</subfield></datafield><datafield ind1=" " ind2=" " tag="300"><subfield code="a">1 online resource.</subfield></datafield><datafield ind1=" " ind2=" " tag="336"><subfield code="a">text</subfield><subfield code="2">rdacontent</subfield></datafield><datafield ind1=" " ind2=" " tag="337"><subfield code="a">computer</subfield><subfield code="2">rdamedia</subfield></datafield><datafield ind1=" " ind2=" " tag="338"><subfield code="a">online resource</subfield><subfield code="2">rdacarrier</subfield></datafield><datafield ind1=" " ind2=" " tag="504"><subfield code="a">Includes bibliographical references and index.</subfield></datafield><datafield ind1="0" ind2=" " tag="505"><subfield code="a">Green organic-inorganic hybrid material from plant oil polyol / Eram Sharmin [and five others] -- Bio-hybrid 3D tubular scaffolds for vascular tissue engineering : a materials perspective / Harsh Patel, Roman Garcia, and Vinoy Thomas -- Polymers for use in the monitoring and treatment of waterborne protozoa / Helen Bridle and Moushumi Ghosh -- Synthesis of Polypyrrole/TiO2 nanoparticles in water by chemical oxidative polymerization / Yang Tan, Michel B. Johnson, and Khashayar Ghandi -- Poly (lactic acid) based hybrid composite films containing ultrasound treated cellulose and poly (ethylene glycol) as plasticizer and reaction media / Katalin Hal&#225;sz, Mandar P. Badve, and Levente Cs&#243;ka -- An experimental observation of disparity in mechanical properties of turmeric fiber reinforced polyester composites / Nadendla srinivasababu, J. Suresh Kumar and K. Vijaya Kumar Reddy -- Wavelength dependence of SERS spectra of pyrene / F. Hubenthal [and four others] -- Emerging therapeutic applications of bacterial exopolysaccharides / P. Priyanka, A.B. Arun, and P.D. Rekha -- Preparation and properties of composite films from modified cellulose fiber-reinforced with different polymers / Sandeep S. Laxmishwar and G.K. Nagaraja -- Natural bio resources : the unending source of nanofactory / Balaprasad Ankamwar.</subfield></datafield><datafield ind1=" " ind2=" " tag="506"><subfield code="a">Access restricted to authorized users and institutions.</subfield></datafield><datafield ind1=" " ind2=" " tag="596"><subfield code="a">44</subfield></datafield><datafield ind1=" " ind2="0" tag="650"><subfield code="a">Biomedical materials.</subfield></datafield><datafield ind1=" " ind2="0" tag="650"><subfield code="a">Biopolymers.</subfield></datafield><datafield ind1="1" ind2=" " tag="700"><subfield code="a">Thomas, Sabu,</subfield><subfield code="e">editor.</subfield></datafield><datafield ind1="1" ind2=" " tag="700"><subfield code="a">Kalarikkal, Nandakumar,</subfield><subfield code="e">editor.</subfield></datafield><datafield ind1="1" ind2=" " tag="700"><subfield code="a">Yang, Weimin,</subfield><subfield code="e">editor.</subfield></datafield><datafield ind1="1" ind2=" " tag="700"><subfield code="a">Babu, Snigdha S.,</subfield><subfield code="e">editor.</subfield></datafield><datafield ind1="4" ind2="0" tag="856"><subfield code="3">University of Alberta Access</subfield><subfield code="u">http://marc.crcnetbase.com/isbn/9781482252767</subfield><subfield code="z">(Unlimited Concurrent Users)</subfield></datafield><datafield ind1=" " ind2=" " tag="949"><subfield code="h">UAIN</subfield><subfield code="z">CRC</subfield></datafield><datafield ind1=" " ind2=" " tag="926"><subfield code="a">Internet Access</subfield><subfield code="w">LC</subfield><subfield code="c">1</subfield><subfield code="i">6786264-1001</subfield><subfield code="l">INTERNET</subfield><subfield code="m">UAINTERNET</subfield><subfield code="r">Y</subfield><subfield code="s">Y</subfield><subfield code="t">E-RESOURCE</subfield><subfield code="u">1/20/2015</subfield><subfield code="x">E-BOOK</subfield><subfield code="z">CRC</subfield></datafield></record>